@MISC{JavaSandbox,
	author="{Oracle}",
 	title="{Evolving the Sandbox Model}",
	howpublished="\url{https://docs.oracle.com/javase/8/docs/technotes/guides/security/spec/security-spec.doc1.html\#a18314}",
    urldate = {2018-11-28}
}

@MISC{JavaPermissionsPolicy,
	author="{Oracle}",
 	title="{Permissions and Security Policy}",
	howpublished="\url{https://docs.oracle.com/javase/8/docs/technotes/guides/security/spec/security-spec.doc3.html\#a19802}",
    urldate = {2018-11-28}
}

@MISC{JavaAccessControl,
	author="{Oracle}",
 	title="{Access Control Mechanisms and Algorithms}",
	howpublished="\url{https://docs.oracle.com/javase/8/docs/technotes/guides/security/spec/security-spec.doc4.html\#a20389}",
    urldate = {2018-11-28}
}

@MISC{Battleship,
	author="{Wikia}",
 	title="{Battleship (game)}",
	howpublished="\url{http://battleship.wikia.com/wiki/Battleship_(game)}",
    urldate = {2018-11-28}
}

@MISC{Kodein,
	author="{Kodein}",
 	title="{Kodein DI}",
	howpublished="\url{https://kodein.org/di/}",
    urldate = {2018-11-28}
}

@MISC{DiTypes,
	author="{Martin Fowler}",
 	title="{Inversion of Control Containers and the Dependency Injection pattern}",
	howpublished="\url{https://www.martinfowler.com/articles/injection.html\#FormsOfDependencyInjection}",
    urldate = {2018-11-28}
}

@MISC{KOIN,
	author="{Insert-koin}",
 	title="{KOIN}",
	howpublished="\url{https://insert-koin.io}",
    urldate = {2018-11-28}
}

@MISC{JavaCdi,
	author="{Oracle}",
 	title="{Contexts and Dependency Injection for the Java EE Platform}",
	howpublished="\url{https://docs.oracle.com/javaee/6/tutorial/doc/gjbnr.html}",
    urldate = {2018-11-28}
}

@MISC{CdiInjectable,
	author="{Oracle}",
 	title="{Beans as Injectable Objects}",
	howpublished="\url{https://docs.oracle.com/javaee/6/tutorial/doc/gizks.html}",
    urldate = {2018-11-28}
}

@MISC{Tulkas,
	author="{M치rkus Kriszti치n}",
 	title="{Tulkas}",
	howpublished="\url{https://github.com/mktiti/Cirkus}",
    urldate = {2018-11-28}
}

@MISC{Kreator,
	author="{M치rkus Kriszti치n}",
 	title="{Kreator}",
	howpublished="\url{https://github.com/mktiti/Kreator}",
    urldate = {2018-11-28}
}